<record><leader>00000cas a22000007a 4500</leader><controlfield tag="001">18679130</controlfield><controlfield tag="008">881028d18661uuulauwr ne      0    0eng d</controlfield><datafield ind1=" " ind2=" " tag="010"><subfield code="a">sn 88064674 </subfield></datafield><datafield ind1=" " ind2=" " tag="040"><subfield code="a">LNP</subfield><subfield code="b">eng</subfield><subfield code="c">LNP</subfield><subfield code="d">OCLCQ</subfield></datafield><datafield ind1=" " ind2=" " tag="042"><subfield code="a">msc</subfield></datafield><datafield ind1="0" ind2=" " tag="130"><subfield code="a">Weekly crescent (New Orleans, La. : 1866)</subfield></datafield><datafield ind1="1" ind2="4" tag="245"><subfield code="a">The Weekly crescent.</subfield></datafield><datafield ind1="1" ind2="3" tag="246"><subfield code="a">New Orleans weekly crescent</subfield></datafield><datafield ind1=" " ind2=" " tag="260"><subfield code="a">New Orleans [La.] :</subfield><subfield code="b">J.O. Nixon</subfield></datafield><datafield ind1=" " ind2=" " tag="300"><subfield code="a">v.</subfield></datafield><datafield ind1=" " ind2=" " tag="310"><subfield code="a">Weekly</subfield></datafield><datafield ind1="1" ind2=" " tag="362"><subfield code="a">Began in 1866.</subfield></datafield><datafield ind1=" " ind2=" " tag="588"><subfield code="a">Description based on: Vol. 16, no. 24 (Dec. 1, 1866).</subfield></datafield><datafield ind1=" " ind2=" " tag="752"><subfield code="a">United States</subfield><subfield code="b">Louisiana</subfield><subfield code="c">Orleans</subfield><subfield code="d">New Orleans.</subfield></datafield><datafield ind1="0" ind2=" " tag="775"><subfield code="t">New Orleans crescent</subfield><subfield code="w">(DLC)sn 82015775</subfield></datafield><datafield ind1="0" ind2="0" tag="780"><subfield code="t">New Orleans weekly crescent</subfield><subfield code="w">(DLC)sn 85038562</subfield></datafield></record>